<record><leader>00000cas a2200000 a 4500</leader><controlfield tag="001">33858727</controlfield><controlfield tag="008">951206d19541992fluwr ne      0    0eng c</controlfield><datafield ind1=" " ind2=" " tag="010"><subfield code="a">sn 95047367 </subfield></datafield><datafield ind1=" " ind2=" " tag="040"><subfield code="a">FUG</subfield><subfield code="b">eng</subfield><subfield code="c">FUG</subfield><subfield code="d">OCLCQ</subfield><subfield code="d">OCLCF</subfield><subfield code="d">OCLCO</subfield></datafield><datafield ind1=" " ind2=" " tag="012"><subfield code="i">9512</subfield></datafield><datafield ind1="1" ind2=" " tag="029"><subfield code="a">AU@</subfield><subfield code="b">000012176095</subfield></datafield><datafield ind1=" " ind2=" " tag="042"><subfield code="a">pcc</subfield></datafield><datafield ind1=" " ind2=" " tag="043"><subfield code="a">n-us-fl</subfield></datafield><datafield ind1="0" ind2=" " tag="130"><subfield code="a">Okaloosa news-journal (Crestview, Fla. : 1954)</subfield></datafield><datafield ind1="1" ind2="0" tag="245"><subfield code="a">Okaloosa news-journal.</subfield></datafield><datafield ind1=" " ind2=" " tag="260"><subfield code="a">Crestview, Okaloosa County, Fla. :</subfield><subfield code="b">Wilbur R. Powell,</subfield><subfield code="c">-1992.</subfield></datafield><datafield ind1=" " ind2=" " tag="300"><subfield code="a">v.</subfield></datafield><datafield ind1=" " ind2=" " tag="310"><subfield code="a">Weekly</subfield></datafield><datafield ind1="1" ind2=" " tag="362"><subfield code="a">Began in Mar. 1954.</subfield></datafield><datafield ind1="0" ind2=" " tag="362"><subfield code="a">-v. 80, no. 56 (Dec. 14, 1992).</subfield></datafield><datafield ind1=" " ind2=" " tag="530"><subfield code="a">Also issued on microfilm from the University of Florida.</subfield></datafield><datafield ind1=" " ind2=" " tag="588"><subfield code="a">Description based on: Vol. 40, no. 170 (Mar. 26, 1954).</subfield></datafield><datafield ind1=" " ind2="0" tag="651"><subfield code="a">Crestview (Fla.)</subfield><subfield code="v">Newspapers.</subfield></datafield><datafield ind1=" " ind2="0" tag="651"><subfield code="a">Okaloosa County (Fla.)</subfield><subfield code="v">Newspapers.</subfield></datafield><datafield ind1=" " ind2="7" tag="655"><subfield code="a">Newspapers.</subfield><subfield code="2">fast</subfield><subfield code="0">(OCoLC)fst01423814</subfield></datafield><datafield ind1=" " ind2="7" tag="651"><subfield code="a">Florida</subfield><subfield code="z">Crestview.</subfield><subfield code="2">fast</subfield><subfield code="0">(OCoLC)fst01215783</subfield></datafield><datafield ind1=" " ind2="7" tag="651"><subfield code="a">Florida</subfield><subfield code="z">Okaloosa County.</subfield><subfield code="2">fast</subfield><subfield code="0">(OCoLC)fst01215782</subfield></datafield><datafield ind1=" " ind2=" " tag="752"><subfield code="a">United States</subfield><subfield code="b">Florida</subfield><subfield code="c">Okaloosa</subfield><subfield code="d">Crestview.</subfield></datafield><datafield ind1="1" ind2=" " tag="776"><subfield code="c">Microfilm</subfield><subfield code="d">George A. Smathers Libraries, University of Florida</subfield><subfield code="w">(DLC)sn 96027651</subfield><subfield code="w">(OCoLC)35302172</subfield></datafield><datafield ind1="0" ind2="0" tag="780"><subfield code="t">Crestview globe combined with the Okaloosa news-journal</subfield><subfield code="w">(DLC)sn 95047366</subfield><subfield code="w">(OCoLC)33858726</subfield></datafield><datafield ind1=" " ind2=" " tag="850"><subfield code="a">FU</subfield></datafield></record>